
@article{DBLP:journals/ijcv/Lowe04,
  author    = {David G. Lowe},
  title     = {Distinctive Image Features from Scale-Invariant Keypoints},
  journal   = {International Journal of Computer Vision},
  volume    = {60},
  number    = {2},
  pages     = {91--110},
  year      = {2004},
\\  url       = {http://dx.doi.org/10.1023/B:VISI.0000029664.99615.94},
  doi       = {10.1023/B:VISI.0000029664.99615.94},
  timestamp = {Mon, 25 Apr 2005 11:02:05 +0200},
  biburl    = {http://dblp.dagstuhl.de/rec/bib/journals/ijcv/Lowe04},
  bibsource = {dblp computer science bibliography, http://dblp.org}
}



@article{DBLP:journals/cviu/BayETG08,
  author    = {Herbert Bay and
               Andreas Ess and
               Tinne Tuytelaars and
               Luc J. Van Gool},
  title     = {Speeded-Up Robust Features {(SURF)}},
  journal   = {Computer Vision and Image Understanding},
  volume    = {110},
  number    = {3},
  pages     = {346--359},
  year      = {2008},
\\  url       = {http://dx.doi.org/10.1016/j.cviu.2007.09.014},
  doi       = {10.1016/j.cviu.2007.09.014},
  timestamp = {Wed, 29 Oct 2008 20:58:33 +0100},
  biburl    = {http://dblp.dagstuhl.de/rec/bib/journals/cviu/BayETG08},
  bibsource = {dblp computer science bibliography, http://dblp.org}
}




@article{DBLP:journals/trob/HerisseHMR12,
  author    = {Bruno H{\'{e}}riss{\'{e}} and
               Tarek Hamel and
               Robert E. Mahony and
               Fran{\c{c}}ois{-}Xavier Russotto},
  title     = {Landing a {VTOL} Unmanned Aerial Vehicle on a Moving Platform Using
               Optical Flow},
  journal   = {{IEEE} Trans. Robotics},
  volume    = {28},
  number    = {1},
  pages     = {77--89},
  year      = {2012},
\\  url       = {http://dx.doi.org/10.1109/TRO.2011.2163435},
  doi       = {10.1109/TRO.2011.2163435},
  timestamp = {Wed, 09 Mar 2016 15:59:51 +0100},
  biburl    = {http://dblp.dagstuhl.de/rec/bib/journals/trob/HerisseHMR12},
  bibsource = {dblp computer science bibliography, http://dblp.org}
}


@inproceedings{DBLP:conf/isr/MalzahnPFHB10,
  author    = {J{\"{o}}rn Malzahn and
               Anh Son Phung and
               Rene Franke and
               Frank Hoffmann and
               Torsten Bertram},
  title     = {Markerless Visual Vibration Damping of a 3-DOF Flexible Link Robot
               Arm},
  booktitle = {{ISR/ROBOTIK} 2010, Proceedings for the joint conference of {ISR}
               2010 (41st Internationel Symposium on Robotics) und {ROBOTIK} 2010
               (6th German Conference on Robotics), 7-9 June 2010, Munich, Germany
               - Parallel to {AUTOMATICA}},
  pages     = {1--8},
  year      = {2010},
  crossref  = {DBLP:conf/isr/2010},
\\  url       = {http://ieeexplore.ieee.org/document/5756824/},
  timestamp = {Sun, 30 Apr 2017 19:20:05 +0200},
  biburl    = {http://dblp.dagstuhl.de/rec/bib/conf/isr/MalzahnPFHB10},
  bibsource = {dblp computer science bibliography, http://dblp.org}
}




@article{DBLP:journals/trob/TahriC05,
  author    = {Omar Tahri and
               Fran{\c{c}}ois Chaumette},
  title     = {Point-based and region-based image moments for visual servoing of
               planar objects},
  journal   = {{IEEE} Trans. Robotics},
  volume    = {21},
  number    = {6},
  pages     = {1116--1127},
  year      = {2005},
\\  url       = {http://dx.doi.org/10.1109/TRO.2005.853500},
  doi       = {10.1109/TRO.2005.853500},
  timestamp = {Wed, 09 Mar 2016 15:59:52 +0100},
  biburl    = {http://dblp.dagstuhl.de/rec/bib/journals/trob/TahriC05},
  bibsource = {dblp computer science bibliography, http://dblp.org}
}


@inproceedings{DBLP:conf/icra/BakthavatchalamCM13,
  author    = {Manikandan Bakthavatchalam and
               Fran{\c{c}}ois Chaumette and
               {\'{E}}ric Marchand},
  title     = {Photometric moments: New promising candidates for visual servoing},
  booktitle = {2013 {IEEE} International Conference on Robotics and Automation, Karlsruhe,
               Germany, May 6-10, 2013},
  pages     = {5241--5246},
  year      = {2013},
  crossref  = {DBLP:conf/icra/2013},
\\  url       = {http://dx.doi.org/10.1109/ICRA.2013.6631326},
  doi       = {10.1109/ICRA.2013.6631326},
  timestamp = {Mon, 21 Oct 2013 16:10:25 +0200},
  biburl    = {http://dblp.dagstuhl.de/rec/bib/conf/icra/BakthavatchalamCM13},
  bibsource = {dblp computer science bibliography, http://dblp.org}
}

@inproceedings{DBLP:conf/icra/BakthavatchalamTC14,
  author    = {Manikandan Bakthavatchalam and
               Omar Tahri and
               Fran{\c{c}}ois Chaumette},
  title     = {Improving moments-based visual servoing with tunable visual features},
  booktitle = {2014 {IEEE} International Conference on Robotics and Automation, {ICRA}
               2014, Hong Kong, China, May 31 - June 7, 2014},
  pages     = {6186--6191},
  year      = {2014},
  crossref  = {DBLP:conf/icra/2014},
\\  url       = {http://dx.doi.org/10.1109/ICRA.2014.6907771},
  doi       = {10.1109/ICRA.2014.6907771},
  timestamp = {Tue, 07 Oct 2014 13:28:58 +0200},
  biburl    = {http://dblp.dagstuhl.de/rec/bib/conf/icra/BakthavatchalamTC14},
  bibsource = {dblp computer science bibliography, http://dblp.org}
}


@inproceedings{DBLP:conf/iros/KallemDSHC07,
  author    = {Vinutha Kallem and
               Maneesh Dewan and
               John P. Swensen and
               Gregory D. Hager and
               Noah J. Cowan},
  title     = {Kernel-based visual servoing},
  booktitle = {2007 {IEEE/RSJ} International Conference on Intelligent Robots and
               Systems, October 29 - November 2, 2007, Sheraton Hotel and Marina,
               San Diego, California, {USA}},
  pages     = {1975--1980},
  year      = {2007},
  crossref  = {DBLP:conf/iros/2007},
\\  url       = {http://dx.doi.org/10.1109/IROS.2007.4399546},
  doi       = {10.1109/IROS.2007.4399546},
  timestamp = {Mon, 11 May 2015 16:37:25 +0200},
  biburl    = {http://dblp.dagstuhl.de/rec/bib/conf/iros/KallemDSHC07},
  bibsource = {dblp computer science bibliography, http://dblp.org}
}



@article{DBLP:journals/trob/DameM11,
  author    = {Amaury Dame and
               {\'{E}}ric Marchand},
  title     = {Mutual Information-Based Visual Servoing},
  journal   = {{IEEE} Trans. Robotics},
  volume    = {27},
  number    = {5},
  pages     = {958--969},
  year      = {2011},
\\  url       = {http://dx.doi.org/10.1109/TRO.2011.2147090},
  doi       = {10.1109/TRO.2011.2147090},
  timestamp = {Wed, 09 Mar 2016 15:59:51 +0100},
  biburl    = {http://dblp.dagstuhl.de/rec/bib/journals/trob/DameM11},
  bibsource = {dblp computer science bibliography, http://dblp.org}
}



@article{DBLP:journals/ras/DameM13,
  author    = {Amaury Dame and
               {\'{E}}ric Marchand},
  title     = {Using mutual information for appearance-based visual path following},
  journal   = {Robotics and Autonomous Systems},
  volume    = {61},
  number    = {3},
  pages     = {259--270},
  year      = {2013},
\\  url       = {http://dx.doi.org/10.1016/j.robot.2012.11.004},
  doi       = {10.1016/j.robot.2012.11.004},
  timestamp = {Fri, 08 Feb 2013 08:56:22 +0100},
  biburl    = {http://dblp.dagstuhl.de/rec/bib/journals/ras/DameM13},
  bibsource = {dblp computer science bibliography, http://dblp.org}
}


@article{DBLP:journals/ram/ChaumetteH06,
  author    = {Fran{\c{c}}ois Chaumette and
               Seth Hutchinson},
  title     = {Visual servo control. I. Basic approaches},
  journal   = {{IEEE} Robot. Automat. Mag.},
  volume    = {13},
  number    = {4},
  pages     = {82--90},
  year      = {2006},
//  url       = {http://dx.doi.org/10.1109/MRA.2006.250573},
  doi       = {10.1109/MRA.2006.250573},
  timestamp = {Fri, 27 Sep 2013 15:36:11 +0200},
  biburl    = {http://dblp.dagstuhl.de/rec/bib/journals/ram/ChaumetteH06},
  bibsource = {dblp computer science bibliography, http://dblp.org}
}



@article{DBLP:journals/ram/ChaumetteH07,
  author    = {Fran{\c{c}}ois Chaumette and
               Seth Hutchinson},
  title     = {Visual servo control. {II.} Advanced approaches [Tutorial]},
  journal   = {{IEEE} Robot. Automat. Mag.},
  volume    = {14},
  number    = {1},
  pages     = {109--118},
  year      = {2007},
//  url       = {http://dx.doi.org/10.1109/MRA.2007.339609},
  doi       = {10.1109/MRA.2007.339609},
  timestamp = {Fri, 27 Sep 2013 15:36:13 +0200},
  biburl    = {http://dblp.dagstuhl.de/rec/bib/journals/ram/ChaumetteH07},
  bibsource = {dblp computer science bibliography, http://dblp.org}
}

@inproceedings{DBLP:conf/iros/CorkeSC09,
  author    = {Peter I. Corke and
               Fabien Spindler and
               Fran{\c{c}}ois Chaumette},
  title     = {Combining Cartesian and polar coordinates in {IBVS}},
  booktitle = {2009 {IEEE/RSJ} International Conference on Intelligent Robots and
               Systems, October 11-15, 2009, St. Louis, MO, {USA}},
  pages     = {5962--5967},
  year      = {2009},
  crossref  = {DBLP:conf/iros/2009},
//  url       = {http://dx.doi.org/10.1109/IROS.2009.5354569},
  doi       = {10.1109/IROS.2009.5354569},
  timestamp = {Mon, 11 May 2015 16:37:25 +0200},
  biburl    = {http://dblp.dagstuhl.de/rec/bib/conf/iros/CorkeSC09},
  bibsource = {dblp computer science bibliography, http://dblp.org}
}


@article{DBLP:journals/trob/IwatsukiO05,
  author    = {Masami Iwatsuki and
               Norimitsu Okiyama},
  title     = {A new formulation of visual servoing based on cylindrical coordinate
               system},
  journal   = {{IEEE} Trans. Robotics},
  volume    = {21},
  number    = {2},
  pages     = {266--273},
  year      = {2005},
//  url       = {http://dx.doi.org/10.1109/TRO.2004.837242},
  doi       = {10.1109/TRO.2004.837242},
  timestamp = {Wed, 09 Mar 2016 15:59:51 +0100},
  biburl    = {http://dblp.dagstuhl.de/rec/bib/journals/trob/IwatsukiO05},
  bibsource = {dblp computer science bibliography, http://dblp.org}
}

@inproceedings{DBLP:conf/icra/Corke10,
  author    = {Peter I. Corke},
  title     = {Spherical image-based visual servo and structure estimation},
  booktitle = {{IEEE} International Conference on Robotics and Automation, {ICRA}
               2010, Anchorage, Alaska, USA, 3-7 May 2010},
  pages     = {5550--5555},
  year      = {2010},
  crossref  = {DBLP:conf/icra/2010},
//  url       = {http://dx.doi.org/10.1109/ROBOT.2010.5509199},
  doi       = {10.1109/ROBOT.2010.5509199},
  timestamp = {Thu, 26 Aug 2010 06:01:50 +0200},
  biburl    = {http://dblp.dagstuhl.de/rec/bib/conf/icra/Corke10},
  bibsource = {dblp computer science bibliography, http://dblp.org}
}



@article{DBLP:journals/trob/FomenaTC11,
  author    = {Romeo Tatsambon Fomena and
               Omar Tahri and
               Fran{\c{c}}ois Chaumette},
  title     = {Distance-Based and Orientation-Based Visual Servoing From Three Points},
  journal   = {{IEEE} Trans. Robotics},
  volume    = {27},
  number    = {2},
  pages     = {256--267},
  year      = {2011},
//  url       = {http://dx.doi.org/10.1109/TRO.2011.2104431},
  doi       = {10.1109/TRO.2011.2104431},
  timestamp = {Wed, 09 Mar 2016 15:59:51 +0100},
  biburl    = {http://dblp.dagstuhl.de/rec/bib/journals/trob/FomenaTC11},
  bibsource = {dblp computer science bibliography, http://dblp.org}
}



@article{DBLP:journals/trob/TahriMCC10,
  author    = {Omar Tahri and
               Youcef Mezouar and
               Fran{\c{c}}ois Chaumette and
               Peter Corke},
  title     = {Decoupled Image-Based Visual Servoing for Cameras Obeying the Unified
               Projection Model},
  journal   = {{IEEE} Trans. Robotics},
  volume    = {26},
  number    = {4},
  pages     = {684--697},
  year      = {2010},
//  url       = {http://dx.doi.org/10.1109/TRO.2010.2051593},
  doi       = {10.1109/TRO.2010.2051593},
  timestamp = {Wed, 09 Mar 2016 15:59:52 +0100},
  biburl    = {http://dblp.dagstuhl.de/rec/bib/journals/trob/TahriMCC10},
  bibsource = {dblp computer science bibliography, http://dblp.org}
}



@article{DBLP:journals/ras/TahriACM13,
  author    = {Omar Tahri and
               Helder Ara{\'{u}}jo and
               Fran{\c{c}}ois Chaumette and
               Youcef Mezouar},
  title     = {Robust image-based visual servoing using invariant visual information},
  journal   = {Robotics and Autonomous Systems},
  volume    = {61},
  number    = {12},
  pages     = {1588--1600},
  year      = {2013},
//  url       = {http://dx.doi.org/10.1016/j.robot.2013.06.010},
  doi       = {10.1016/j.robot.2013.06.010},
  timestamp = {Thu, 28 Nov 2013 20:50:55 +0100},
  biburl    = {http://dblp.dagstuhl.de/rec/bib/journals/ras/TahriACM13},
  bibsource = {dblp computer science bibliography, http://dblp.org}
}

@inproceedings{DBLP:conf/eccv/GeyerD00,
  author    = {Christopher Geyer and
               Konstantinos Daniilidis},
  title     = {A Unifying Theory for Central Panoramic Systems and Practical Applications},
  booktitle = {Computer Vision - {ECCV} 2000, 6th European Conference on Computer
               Vision, Dublin, Ireland, June 26 - July 1, 2000, Proceedings, Part
               {II}},
  pages     = {445--461},
  year      = {2000},
  crossref  = {DBLP:conf/eccv/2000-2},
//  url       = {http://dx.doi.org/10.1007/3-540-45053-X_29},
  doi       = {10.1007/3-540-45053-X_29},
  timestamp = {Tue, 21 Jun 2011 16:39:21 +0200},
  biburl    = {http://dblp.dagstuhl.de/rec/bib/conf/eccv/GeyerD00},
  bibsource = {dblp computer science bibliography, http://dblp.org}
}

@inproceedings{DBLP:conf/isrr/CorkeM09,
  author    = {Peter I. Corke and
               Robert E. Mahony},
  title     = {Sensing and Control on the Sphere},
  booktitle = {Robotics Research - The 14th International Symposium, {ISRR} 2009,
               August 31 - September 3, 2009, Lucerne, Switzerland},
  pages     = {71--85},
  year      = {2009},
  crossref  = {DBLP:conf/isrr/2009},
//  url       = {http://dx.doi.org/10.1007/978-3-642-19457-3_5},
  doi       = {10.1007/978-3-642-19457-3_5},
  timestamp = {Sat, 10 Sep 2011 20:53:43 +0200},
  biburl    = {http://dblp.dagstuhl.de/rec/bib/conf/isrr/CorkeM09},
  bibsource = {dblp computer science bibliography, http://dblp.org}
}



@article{DBLP:journals/trob/HutchinsonHC96,
  author    = {Seth Hutchinson and
               Gregory D. Hager and
               Peter I. Corke},
  title     = {A tutorial on visual servo control},
  journal   = {{IEEE} Trans. Robotics and Automation},
  volume    = {12},
  number    = {5},
  pages     = {651--670},
  year      = {1996},
//  url       = {http://dx.doi.org/10.1109/70.538972},
  doi       = {10.1109/70.538972},
  timestamp = {Wed, 09 Mar 2016 15:54:16 +0100},
  biburl    = {http://dblp.dagstuhl.de/rec/bib/journals/trob/HutchinsonHC96},
  bibsource = {dblp computer science bibliography, http://dblp.org}
}



@article{DBLP:journals/ram/ChaumetteH06,
  author    = {Fran{\c{c}}ois Chaumette and
               Seth Hutchinson},
  title     = {Visual servo control. I. Basic approaches},
  journal   = {{IEEE} Robot. Automat. Mag.},
  volume    = {13},
  number    = {4},
  pages     = {82--90},
  year      = {2006},
//  url       = {http://dx.doi.org/10.1109/MRA.2006.250573},
  doi       = {10.1109/MRA.2006.250573},
  timestamp = {Fri, 27 Sep 2013 15:36:11 +0200},
  biburl    = {http://dblp.dagstuhl.de/rec/bib/journals/ram/ChaumetteH06},
  bibsource = {dblp computer science bibliography, http://dblp.org}
}



@article{DBLP:journals/ram/ChaumetteH07,
  author    = {Fran{\c{c}}ois Chaumette and
               Seth Hutchinson},
  title     = {Visual servo control. {II.} Advanced approaches [Tutorial]},
  journal   = {{IEEE} Robot. Automat. Mag.},
  volume    = {14},
  number    = {1},
  pages     = {109--118},
  year      = {2007},
//  url       = {http://dx.doi.org/10.1109/MRA.2007.339609},
  doi       = {10.1109/MRA.2007.339609},
  timestamp = {Fri, 27 Sep 2013 15:36:13 +0200},
  biburl    = {http://dblp.dagstuhl.de/rec/bib/journals/ram/ChaumetteH07},
  bibsource = {dblp computer science bibliography, http://dblp.org}
}



@article{DBLP:journals/mva/GilMBR10,
  author    = {Arturo Gil and
               {\'{O}}scar Mart{\'{\i}}nez Mozos and
               M{\'{o}}nica Ballesta and
               {\'{O}}scar Reinoso},
  title     = {A comparative evaluation of interest point detectors and local descriptors
               for visual {SLAM}},
  journal   = {Mach. Vis. Appl.},
  volume    = {21},
  number    = {6},
  pages     = {905--920},
  year      = {2010},
//  url       = {http://dx.doi.org/10.1007/s00138-009-0195-x},
  doi       = {10.1007/s00138-009-0195-x},
  timestamp = {Sun, 12 Dec 2010 11:41:59 +0100},
  biburl    = {http://dblp.dagstuhl.de/rec/bib/journals/mva/GilMBR10},
  bibsource = {dblp computer science bibliography, http://dblp.org}
}



@book{DBLP:books/daglib/0015576,
  author    = {Andrew Harltey and
               Andrew Zisserman},
  title     = {Multiple view geometry in computer vision {(2.} ed.)},
  publisher = {Cambridge University Press},
  year      = {2006},
  isbn      = {978-0-521-54051-3},
  timestamp = {Wed, 23 Mar 2011 16:58:37 +0100},
  biburl    = {http://dblp.dagstuhl.de/rec/bib/books/daglib/0015576},
  bibsource = {dblp computer science bibliography, http://dblp.org}
}



@article{DBLP:journals/tsmc/Lopez-NicolasGBSGH10,
  author    = {Gonzalo L{\'{o}}pez{-}Nicol{\'{a}}s and
               Nicholas R. Gans and
               Sourabh Bhattacharya and
               Carlos Sag{\"{u}}{\'{e}}s and
               Jos{\'{e}} Jes{\'{u}}s Guerrero and
               Seth Hutchinson},
  title     = {Homography-Based Control Scheme for Mobile Robots With Nonholonomic
               and Field-of-View Constraints},
  journal   = {{IEEE} Trans. Systems, Man, and Cybernetics, Part {B}},
  volume    = {40},
  number    = {4},
  pages     = {1115--1127},
  year      = {2010},
//  url       = {http://dx.doi.org/10.1109/TSMCB.2009.2034977},
  doi       = {10.1109/TSMCB.2009.2034977},
  timestamp = {Wed, 09 Mar 2016 12:58:33 +0100},
  biburl    = {http://dblp.dagstuhl.de/rec/bib/journals/tsmc/Lopez-NicolasGBSGH10},
  bibsource = {dblp computer science bibliography, http://dblp.org}
}



@article{DBLP:journals/trob/BecerraLS11,
  author    = {Hector M. Becerra and
               Gonzalo L{\'{o}}pez{-}Nicol{\'{a}}s and
               Carlos Sag{\"{u}}{\'{e}}s},
  title     = {A Sliding-Mode-Control Law for Mobile Robots Based on Epipolar Visual
               Servoing From Three Views},
  journal   = {{IEEE} Trans. Robotics},
  volume    = {27},
  number    = {1},
  pages     = {175--183},
  year      = {2011},
//  url       = {http://dx.doi.org/10.1109/TRO.2010.2091750},
  doi       = {10.1109/TRO.2010.2091750},
  timestamp = {Wed, 09 Mar 2016 15:59:51 +0100},
  biburl    = {http://dblp.dagstuhl.de/rec/bib/journals/trob/BecerraLS11},
  bibsource = {dblp computer science bibliography, http://dblp.org}
}



@article{DBLP:journals/arobots/BecerraSMH14,
  author    = {H{\'{e}}ctor M. Becerra and
               Carlos Sag{\"{u}}{\'{e}}s and
               Youcef Mezouar and
               Jean{-}Bernard Hayet},
  title     = {Visual navigation of wheeled mobile robots using direct feedback of
               a geometric constraint},
  journal   = {Auton. Robots},
  volume    = {37},
  number    = {2},
  pages     = {137--156},
  year      = {2014},
//  url       = {http://dx.doi.org/10.1007/s10514-014-9382-3},
  doi       = {10.1007/s10514-014-9382-3},
  timestamp = {Tue, 03 Jun 2014 11:24:52 +0200},
  biburl    = {http://dblp.dagstuhl.de/rec/bib/journals/arobots/BecerraSMH14},
  bibsource = {dblp computer science bibliography, http://dblp.org}
}

@article{DBLP:journals/ijrr/Bicchi95,
  author    = {Antonio Bicchi},
  title     = {On the Closure Properties of Robotic Grasping},
  journal   = {I. J. Robotics Res.},
  volume    = {14},
  number    = {4},
  pages     = {319--334},
  year      = {1995},
//  url       = {http://dx.doi.org/10.1177/027836499501400402},
  doi       = {10.1177/027836499501400402},
  timestamp = {Wed, 10 Aug 2016 16:37:44 +0200},
  biburl    = {http://dblp.dagstuhl.de/rec/bib/journals/ijrr/Bicchi95},
  bibsource = {dblp computer science bibliography, http://dblp.org}
}



@article{DBLP:journals/trob/HowardK96,
  author    = {W. Stamps Howard and
               Vijay Kumar},
  title     = {On the stability of grasped objects},
  journal   = {{IEEE} Trans. Robotics and Automation},
  volume    = {12},
  number    = {6},
  pages     = {904--917},
  year      = {1996},
//  url       = {http://dx.doi.org/10.1109/70.544773},
  doi       = {10.1109/70.544773},
  timestamp = {Mon, 13 Jun 2016 16:58:45 +0200},
  biburl    = {http://dblp.dagstuhl.de/rec/bib/journals/trob/HowardK96},
  bibsource = {dblp computer science bibliography, http://dblp.org}
}



@article{DBLP:journals/trob/BohgMAK14,
  author    = {Jeannette Bohg and
               Antonio Morales and
               Tamim Asfour and
               Danica Kragic},
  title     = {Data-Driven Grasp Synthesis - {A} Survey},
  journal   = {{IEEE} Trans. Robotics},
  volume    = {30},
  number    = {2},
  pages     = {289--309},
  year      = {2014},
//  url       = {http://dx.doi.org/10.1109/TRO.2013.2289018},
  doi       = {10.1109/TRO.2013.2289018},
  timestamp = {Wed, 09 Mar 2016 15:59:51 +0100},
  biburl    = {http://dblp.dagstuhl.de/rec/bib/journals/trob/BohgMAK14},
  bibsource = {dblp computer science bibliography, http://dblp.org}
}

@inproceedings{DBLP:conf/icra/BrookCH11,
  author    = {Peter Brook and
               Matei T. Ciocarlie and
               Kaijen Hsiao},
  title     = {Collaborative grasp planning with multiple object representations},
  booktitle = {{IEEE} International Conference on Robotics and Automation, {ICRA}
               2011, Shanghai, China, 9-13 May 2011},
  pages     = {2851--2858},
  year      = {2011},
  crossref  = {DBLP:conf/icra/2011},
//  url       = {http://dx.doi.org/10.1109/ICRA.2011.5980490},
  doi       = {10.1109/ICRA.2011.5980490},
  timestamp = {Wed, 17 Aug 2011 13:03:05 +0200},
  biburl    = {http://dblp.dagstuhl.de/rec/bib/conf/icra/BrookCH11},
  bibsource = {dblp computer science bibliography, http://dblp.org}
}

@inproceedings{DBLP:conf/iros/GoldfederCPDA09,
  author    = {Corey Goldfeder and
               Matei T. Ciocarlie and
               Jaime Peretzman and
               Hao Dang and
               Peter K. Allen},
  title     = {Data-driven grasping with partial sensor data},
  booktitle = {2009 {IEEE/RSJ} International Conference on Intelligent Robots and
               Systems, October 11-15, 2009, St. Louis, MO, {USA}},
  pages     = {1278--1283},
  year      = {2009},
  crossref  = {DBLP:conf/iros/2009},
//  url       = {http://dx.doi.org/10.1109/IROS.2009.5354078},
  doi       = {10.1109/IROS.2009.5354078},
  timestamp = {Mon, 11 May 2015 16:37:25 +0200},
  biburl    = {http://dblp.dagstuhl.de/rec/bib/conf/iros/GoldfederCPDA09},
  bibsource = {dblp computer science bibliography, http://dblp.org}
}

@inproceedings{el2008handling,
  title={Handling objects by their handles},
  author={El-Khoury, Sahar and Sahbani, Anis},
  booktitle={IEEE/RSJ International Conference on Intelligent Robots and Systems},
  number={EPFL-TALK-168926},
  year={2008}
}


@article{DBLP:journals/ijrr/SaxenaDN08,
  author    = {Ashutosh Saxena and
               Justin Driemeyer and
               Andrew Y. Ng},
  title     = {Robotic Grasping of Novel Objects using Vision},
  journal   = {I. J. Robotics Res.},
  volume    = {27},
  number    = {2},
  pages     = {157--173},
  year      = {2008},
//  url       = {http://dx.doi.org/10.1177/0278364907087172},
  doi       = {10.1177/0278364907087172},
  timestamp = {Wed, 10 Aug 2016 16:37:44 +0200},
  biburl    = {http://dblp.dagstuhl.de/rec/bib/journals/ijrr/SaxenaDN08},
  bibsource = {dblp computer science bibliography, http://dblp.org}
}

@inproceedings{DBLP:conf/icra/KehoeMCKG13,
  author    = {Ben Kehoe and
               Akihiro Matsukawa and
               Sal Candido and
               James Kuffner and
               Ken Goldberg},
  title     = {Cloud-based robot grasping with the google object recognition engine},
  booktitle = {2013 {IEEE} International Conference on Robotics and Automation, Karlsruhe,
               Germany, May 6-10, 2013},
  pages     = {4263--4270},
  year      = {2013},
  crossref  = {DBLP:conf/icra/2013},
//  url       = {http://dx.doi.org/10.1109/ICRA.2013.6631180},
  doi       = {10.1109/ICRA.2013.6631180},
  timestamp = {Mon, 21 Oct 2013 16:10:25 +0200},
  biburl    = {http://dblp.dagstuhl.de/rec/bib/conf/icra/KehoeMCKG13},
  bibsource = {dblp computer science bibliography, http://dblp.org}
}



@article{DBLP:journals/ijrr/LenzLS15,
  author    = {Ian Lenz and
               Honglak Lee and
               Ashutosh Saxena},
  title     = {Deep learning for detecting robotic grasps},
  journal   = {I. J. Robotics Res.},
  volume    = {34},
  number    = {4-5},
  pages     = {705--724},
  year      = {2015},
//  url       = {http://dx.doi.org/10.1177/0278364914549607},
  doi       = {10.1177/0278364914549607},
  timestamp = {Wed, 10 Aug 2016 16:37:36 +0200},
  biburl    = {http://dblp.dagstuhl.de/rec/bib/journals/ijrr/LenzLS15},
  bibsource = {dblp computer science bibliography, http://dblp.org}
}

@inproceedings{DBLP:conf/icra/MillerKCA03,
  author    = {Andrew T. Miller and
               Steffen Knoop and
               Henrik I. Christensen and
               Peter K. Allen},
  title     = {Automatic grasp planning using shape primitives},
  booktitle = {Proceedings of the 2003 {IEEE} International Conference on Robotics
               and Automation, {ICRA} 2003, September 14-19, 2003, Taipei, Taiwan},
  pages     = {1824--1829},
  year      = {2003},
  crossref  = {DBLP:conf/icra/2003},
//  url       = {http://dx.doi.org/10.1109/ROBOT.2003.1241860},
  doi       = {10.1109/ROBOT.2003.1241860},
  timestamp = {Wed, 20 Feb 2013 17:23:05 +0100},
  biburl    = {http://dblp.dagstuhl.de/rec/bib/conf/icra/MillerKCA03},
  bibsource = {dblp computer science bibliography, http://dblp.org}
}

@inproceedings{DBLP:conf/robio/YamanobeN10,
  author    = {Natsuki Yamanobe and
               Kazuyuki Nagata},
  title     = {Grasp planning for everyday objects based on primitive shape representation
               for parallel jaw grippers},
  booktitle = {2010 {IEEE} International Conference on Robotics and Biomimetics,
               {ROBIO} 2010, Tianjin, China, December 14-18, 2010},
  pages     = {1565--1570},
  year      = {2010},
  crossref  = {DBLP:conf/robio/2010},
//  url       = {http://dx.doi.org/10.1109/ROBIO.2010.5723563},
  doi       = {10.1109/ROBIO.2010.5723563},
  timestamp = {Tue, 20 Nov 2012 22:26:41 +0100},
  biburl    = {http://dblp.dagstuhl.de/rec/bib/conf/robio/YamanobeN10},
  bibsource = {dblp computer science bibliography, http://dblp.org}
}

@inproceedings{DBLP:conf/iros/HuebnerK08,
  author    = {Kai Huebner and
               Danica Kragic},
  title     = {Selection of robot pre-grasps using box-based shape approximation},
  booktitle = {2008 {IEEE/RSJ} International Conference on Intelligent Robots and
               Systems, September 22-26, 2008, Acropolis Convention Center, Nice,
               France},
  pages     = {1765--1770},
  year      = {2008},
  crossref  = {DBLP:conf/iros/2008},
//  url       = {http://dx.doi.org/10.1109/IROS.2008.4650722},
  doi       = {10.1109/IROS.2008.4650722},
  timestamp = {Mon, 11 May 2015 16:37:25 +0200},
  biburl    = {http://dblp.dagstuhl.de/rec/bib/conf/iros/HuebnerK08},
  bibsource = {dblp computer science bibliography, http://dblp.org}
}

@inproceedings{DBLP:conf/humanoids/RusuHDBB09,
  author    = {Radu Bogdan Rusu and
               Andreas Holzbach and
               Rosen Diankov and
               Gary R. Bradski and
               Michael Beetz},
  title     = {Perception for mobile manipulation and grasping using active stereo},
  booktitle = {9th {IEEE-RAS} International Conference on Humanoid Robots, Humanoids
               2009, Paris, France, December 7-10, 2009},
  pages     = {632--638},
  year      = {2009},
  crossref  = {DBLP:conf/humanoids/2009},
//  url       = {http://dx.doi.org/10.1109/ICHR.2009.5379597},
  doi       = {10.1109/ICHR.2009.5379597},
  timestamp = {Tue, 15 May 2012 10:42:39 +0200},
  biburl    = {http://dblp.dagstuhl.de/rec/bib/conf/humanoids/RusuHDBB09},
  bibsource = {dblp computer science bibliography, http://dblp.org}
}

@inproceedings{DBLP:conf/iser/ZhaoSYBK14,
  author    = {Min Zhao and
               Rahul Shome and
               Isaac Yochelson and
               Kostas E. Bekris and
               Eileen Kowler},
  title     = {An Experimental Study for Identifying Features of Legible Manipulator
               Paths},
  booktitle = {Experimental Robotics - The 14th International Symposium on Experimental
               Robotics, {ISER} 2014, June 15-18, 2014, Marrakech and Essaouira,
               Morocco},
  pages     = {639--653},
  year      = {2014},
  crossref  = {DBLP:conf/iser/2014},
//  url       = {http://dx.doi.org/10.1007/978-3-319-23778-7_42},
  doi       = {10.1007/978-3-319-23778-7_42},
  timestamp = {Wed, 13 Apr 2016 13:08:31 +0200},
  biburl    = {http://dblp.dagstuhl.de/rec/bib/conf/iser/ZhaoSYBK14},
  bibsource = {dblp computer science bibliography, http://dblp.org}
}





@article{DBLP:journals/nature/LeCunBH15,
  author    = {Yann LeCun and
               Yoshua Bengio and
               Geoffrey E. Hinton},
  title     = {Deep learning},
  journal   = {Nature},
  volume    = {521},
  number    = {7553},
  pages     = {436--444},
  year      = {2015},
//  url       = {http://dx.doi.org/10.1038/nature14539},
  doi       = {10.1038/nature14539},
  timestamp = {Tue, 14 Mar 2017 12:37:46 +0100},
  biburl    = {http://dblp.dagstuhl.de/rec/bib/journals/nature/LeCunBH15},
  bibsource = {dblp computer science bibliography, http://dblp.org}
}


@inproceedings{DBLP:conf/icra/JainA16,
  author    = {Siddarth Jain and
               Brenna Argall},
  title     = {Grasp detection for assistive robotic manipulation},
  booktitle = {2016 {IEEE} International Conference on Robotics and Automation, {ICRA}
               2016, Stockholm, Sweden, May 16-21, 2016},
  pages     = {2015--2021},
  year      = {2016},
  crossref  = {DBLP:conf/icra/2016},
//  url       = {http://dx.doi.org/10.1109/ICRA.2016.7487348},
  doi       = {10.1109/ICRA.2016.7487348},
  timestamp = {Tue, 14 Jun 2016 19:35:07 +0200},
  biburl    = {http://dblp.dagstuhl.de/rec/bib/conf/icra/JainA16},
  bibsource = {dblp computer science bibliography, http://dblp.org}
}






@inproceedings{DBLP:conf/iccvw/SmisekJP11,
  author    = {Jan Smisek and
               Michal Jancosek and
               Tom{\'{a}}s Pajdla},
  title     = {3D with Kinect},
  booktitle = {{IEEE} International Conference on Computer Vision Workshops, {ICCV}
               2011 Workshops, Barcelona, Spain, November 6-13, 2011},
  pages     = {1154--1160},
  year      = {2011},
  crossref  = {DBLP:conf/iccvw/2011},
//  url       = {http://dx.doi.org/10.1109/ICCVW.2011.6130380},
  doi       = {10.1109/ICCVW.2011.6130380},
  timestamp = {Fri, 20 Jan 2012 17:21:11 +0100},
  biburl    = {http://dblp.uni-trier.de/rec/bib/conf/iccvw/SmisekJP11},
  bibsource = {dblp computer science bibliography, http://dblp.org}
}

@inproceedings{DBLP:conf/icip/DraelosQBS15,
  author    = {Mark Draelos and
               Qiang Qiu and
               Alexander M. Bronstein and
               Guillermo Sapiro},
  title     = {Intel realsense = Real low cost gaze},
  booktitle = {2015 {IEEE} International Conference on Image Processing, {ICIP} 2015,
               Quebec City, QC, Canada, September 27-30, 2015},
  pages     = {2520--2524},
  year      = {2015},
  crossref  = {DBLP:conf/icip/2015},
//  url       = {http://dx.doi.org/10.1109/ICIP.2015.7351256},
  doi       = {10.1109/ICIP.2015.7351256},
  timestamp = {Thu, 17 Dec 2015 15:45:47 +0100},
  biburl    = {http://dblp.uni-trier.de/rec/bib/conf/icip/DraelosQBS15},
  bibsource = {dblp computer science bibliography, http://dblp.org}
}

@article{DBLP:journals/ml/CortesV95,
  author    = {Corinna Cortes and
               Vladimir Vapnik},
  title     = {Support-Vector Networks},
  journal   = {Machine Learning},
  volume    = {20},
  number    = {3},
  pages     = {273--297},
  year      = {1995},
//  url       = {http://dx.doi.org/10.1007/BF00994018},
  doi       = {10.1007/BF00994018},
  timestamp = {Thu, 26 May 2011 15:25:06 +0200},
  biburl    = {http://dblp.dagstuhl.de/rec/bib/journals/ml/CortesV95},
  bibsource = {dblp computer science bibliography, http://dblp.org}
}

@article{DBLP:journals/nn/AmariW99,
  author    = {Shun{-}ichi Amari and
               Si Wu},
  title     = {Improving support vector machine classifiers by modifying kernel functions},
  journal   = {Neural Networks},
  volume    = {12},
  number    = {6},
  pages     = {783--789},
  year      = {1999},
//  url       = {http://dx.doi.org/10.1016/S0893-6080(99)00032-5},
  doi       = {10.1016/S0893-6080(99)00032-5},
  timestamp = {Wed, 16 Nov 2005 13:05:28 +0100},
  biburl    = {http://dblp.dagstuhl.de/rec/bib/journals/nn/AmariW99},
  bibsource = {dblp computer science bibliography, http://dblp.org}
}

@inproceedings{DBLP:conf/esann/WestonW99,
  author    = {Jason Weston and
               Chris Watkins},
  title     = {Support vector machines for multi-class pattern recognition},
  booktitle = {{ESANN} 1999, 7th European Symposium on Artificial Neural Networks,
               Bruges, Belgium, April 21-23, 1999, Proceedings},
  pages     = {219--224},
  year      = {1999},
  crossref  = {DBLP:conf/esann/1999},
//  url       = {https://www.elen.ucl.ac.be/Proceedings/esann/esannpdf/es1999-461.pdf},
  timestamp = {Tue, 29 Jul 2014 17:44:35 +0200},
  biburl    = {http://dblp.dagstuhl.de/rec/bib/conf/esann/WestonW99},
  bibsource = {dblp computer science bibliography, http://dblp.org}
}

@article{DBLP:journals/tcyb/HanSXS13,
  author    = {Jungong Han and
               Ling Shao and
               Dong Xu and
               Jamie Shotton},
  title     = {Enhanced Computer Vision With Microsoft Kinect Sensor: {A} Review},
  journal   = {{IEEE} Trans. Cybernetics},
  volume    = {43},
  number    = {5},
  pages     = {1318--1334},
  year      = {2013},
//  url       = {http://dx.doi.org/10.1109/TCYB.2013.2265378},
  doi       = {10.1109/TCYB.2013.2265378},
  timestamp = {Wed, 09 Mar 2016 14:10:29 +0100},
  biburl    = {http://dblp.uni-trier.de/rec/bib/journals/tcyb/HanSXS13},
  bibsource = {dblp computer science bibliography, http://dblp.org}
}

@inproceedings{DBLP:conf/icra/ManojLLQ15,
  author    = {Prakhya Sai Manoj and
               Bingbing Liu and
               Weisi Lin and
               Usman Qayyum},
  title     = {Sparse Depth Odometry: 3D keypoint based pose estimation from dense
               depth data},
  booktitle = {{IEEE} International Conference on Robotics and Automation, {ICRA}
               2015, Seattle, WA, USA, 26-30 May, 2015},
  pages     = {4216--4223},
  year      = {2015},
  crossref  = {DBLP:conf/icra/2015},
//  url       = {http://dx.doi.org/10.1109/ICRA.2015.7139780},
  doi       = {10.1109/ICRA.2015.7139780},
  timestamp = {Mon, 13 Jul 2015 16:39:42 +0200},
  biburl    = {http://dblp.dagstuhl.de/rec/bib/conf/icra/ManojLLQ15},
  bibsource = {dblp computer science bibliography, http://dblp.org}
}


@article{DBLP:journals/tase/ChengCL15,
  author    = {Hongtai Cheng and
               Heping Chen and
               Yong Liu},
  title     = {Topological Indoor Localization and Navigation for Autonomous Mobile
               Robot},
  journal   = {{IEEE} Trans. Automation Science and Engineering},
  volume    = {12},
  number    = {2},
  pages     = {729--738},
  year      = {2015},
//  url       = {http://dx.doi.org/10.1109/TASE.2014.2351814},
  doi       = {10.1109/TASE.2014.2351814},
  timestamp = {Wed, 09 Mar 2016 16:27:53 +0100},
  biburl    = {http://dblp.uni-trier.de/rec/bib/journals/tase/ChengCL15},
  bibsource = {dblp computer science bibliography, http://dblp.org}
}



@article{DBLP:journals/ijrr/HenryKHRF12,
  author    = {Peter Henry and
               Michael Krainin and
               Evan Herbst and
               Xiaofeng Ren and
               Dieter Fox},
  title     = {{RGB-D} mapping: Using Kinect-style depth cameras for dense 3D modeling
               of indoor environments},
  journal   = {I. J. Robotics Res.},
  volume    = {31},
  number    = {5},
  pages     = {647--663},
  year      = {2012},
//  url       = {http://dx.doi.org/10.1177/0278364911434148},
  doi       = {10.1177/0278364911434148},
  timestamp = {Wed, 10 Aug 2016 16:37:33 +0200},
  biburl    = {http://dblp.uni-trier.de/rec/bib/journals/ijrr/HenryKHRF12},
  bibsource = {dblp computer science bibliography, http://dblp.org}
}



@article{DBLP:journals/ijista/PrusakMRSK08,
  author    = {A. Prusak and
               O. Melnychuk and
               H. Roth and
               Ingo Schiller and
               Reinhard Koch},
  title     = {Pose estimation and map building with a Time-Of-Flight-camera for
               robot navigation},
  journal   = {{IJISTA}},
  volume    = {5},
  number    = {3/4},
  pages     = {355--364},
  year      = {2008},
//  url       = {http://dx.doi.org/10.1504/IJISTA.2008.021298},
  doi       = {10.1504/IJISTA.2008.021298},
  timestamp = {Mon, 05 Oct 2009 11:56:11 +0200},
  biburl    = {http://dblp.uni-trier.de/rec/bib/journals/ijista/PrusakMRSK08},
  bibsource = {dblp computer science bibliography, http://dblp.org}
}



@article{DBLP:journals/trob/PeasleyB15,
  author    = {Brian Peasley and
               Stan Birchfield},
  title     = {{RGBD} Point Cloud Alignment Using Lucas-Kanade Data Association and
               Automatic Error Metric Selection},
  journal   = {{IEEE} Trans. Robotics},
  volume    = {31},
  number    = {6},
  pages     = {1548--1554},
  year      = {2015},
//  url       = {http://dx.doi.org/10.1109/TRO.2015.2489479},
  doi       = {10.1109/TRO.2015.2489479},
  timestamp = {Wed, 09 Mar 2016 15:59:52 +0100},
  biburl    = {http://dblp.uni-trier.de/rec/bib/journals/trob/PeasleyB15},
  bibsource = {dblp computer science bibliography, http://dblp.org}
}

@inproceedings{DBLP:conf/3dim/BergamascoCAT12,
  author    = {Filippo Bergamasco and
               Luca Cosmo and
               Andrea Albarelli and
               Andrea Torsello},
  title     = {A Robust Multi-camera 3D Ellipse Fitting for Contactless Measurements},
  booktitle = {2012 Second International Conference on 3D Imaging, Modeling, Processing,
               Visualization {\&} Transmission, Zurich, Switzerland, October
               13-15, 2012},
  pages     = {168--175},
  year      = {2012},
  crossref  = {DBLP:conf/3dim/2012},
//  url       = {http://dx.doi.org/10.1109/3DIMPVT.2012.22},
  doi       = {10.1109/3DIMPVT.2012.22},
  timestamp = {Tue, 18 Aug 2015 20:06:10 +0200},
  biburl    = {http://dblp.uni-trier.de/rec/bib/conf/3dim/BergamascoCAT12},
  bibsource = {dblp computer science bibliography, http://dblp.org}
}

@inproceedings{DBLP:conf/cvpr/DalalT05,
  author    = {Navneet Dalal and
               Bill Triggs},
  title     = {Histograms of Oriented Gradients for Human Detection},
  booktitle = {2005 {IEEE} Computer Society Conference on Computer Vision and Pattern
               Recognition {(CVPR} 2005), 20-26 June 2005, San Diego, CA, {USA}},
  pages     = {886--893},
  year      = {2005},
  crossref  = {DBLP:conf/cvpr/2005},
//  url       = {http://dx.doi.org/10.1109/CVPR.2005.177},
  doi       = {10.1109/CVPR.2005.177},
  timestamp = {Thu, 23 Jun 2016 15:53:27 +0200},
  biburl    = {http://dblp.uni-trier.de/rec/bib/conf/cvpr/DalalT05},
  bibsource = {dblp computer science bibliography, http://dblp.org}
}



@article{DBLP:journals/tnn/ChapelleHV99,
  author    = {Olivier Chapelle and
               Patrick Haffner and
               Vladimir Vapnik},
  title     = {Support vector machines for histogram-based image classification},
  journal   = {{IEEE} Trans. Neural Networks},
  volume    = {10},
  number    = {5},
  pages     = {1055--1064},
  year      = {1999},
//  url       = {http://dx.doi.org/10.1109/72.788646},
  doi       = {10.1109/72.788646},
  timestamp = {Mon, 21 Mar 2016 15:17:21 +0100},
  biburl    = {http://dblp.uni-trier.de/rec/bib/journals/tnn/ChapelleHV99},
  bibsource = {dblp computer science bibliography, http://dblp.org}
}



@article{DBLP:journals/pami/SnyderC83,
  author    = {Wesley E. Snyder and
               Alan E. Cowart},
  title     = {An Iterative Approach to Region Growing Using Associative Memories},
  journal   = {{IEEE} Trans. Pattern Anal. Mach. Intell.},
  volume    = {5},
  number    = {3},
  pages     = {349--352},
  year      = {1983},
//  url       = {http://dx.doi.org/10.1109/TPAMI.1983.4767398},
  doi       = {10.1109/TPAMI.1983.4767398},
  timestamp = {Sat, 12 Mar 2016 09:04:16 +0100},
  biburl    = {http://dblp.uni-trier.de/rec/bib/journals/pami/SnyderC83},
  bibsource = {dblp computer science bibliography, http://dblp.org}
}

@inproceedings{DBLP:conf/cvpr/DalalT05,
  author    = {Navneet Dalal and
               Bill Triggs},
  title     = {Histograms of Oriented Gradients for Human Detection},
  booktitle = {2005 {IEEE} Computer Society Conference on Computer Vision and Pattern
               Recognition {(CVPR} 2005), 20-26 June 2005, San Diego, CA, {USA}},
  pages     = {886--893},
  year      = {2005},
  crossref  = {DBLP:conf/cvpr/2005},
//  url       = {http://dx.doi.org/10.1109/CVPR.2005.177},
  doi       = {10.1109/CVPR.2005.177},
  timestamp = {Thu, 23 Jun 2016 15:53:27 +0200},
  biburl    = {http://dblp.dagstuhl.de/rec/bib/conf/cvpr/DalalT05},
  bibsource = {dblp computer science bibliography, http://dblp.org}
}


@inproceedings{DBLP:conf/eccv/BenensonOHS14,
  author    = {Rodrigo Benenson and
               Mohamed Omran and
               Jan Hendrik Hosang and
               Bernt Schiele},
  title     = {Ten Years of Pedestrian Detection, What Have We Learned?},
  booktitle = {Computer Vision - {ECCV} 2014 Workshops - Zurich, Switzerland, September
               6-7 and 12, 2014, Proceedings, Part {II}},
  pages     = {613--627},
  year      = {2014},
  crossref  = {DBLP:conf/eccv/2014w2},
//  url       = {http://dx.doi.org/10.1007/978-3-319-16181-5_47},
  doi       = {10.1007/978-3-319-16181-5_47},
  timestamp = {Tue, 26 Apr 2016 09:55:50 +0200},
  biburl    = {http://dblp.dagstuhl.de/rec/bib/conf/eccv/BenensonOHS14},
  bibsource = {dblp computer science bibliography, http://dblp.org}
}


@inproceedings{DBLP:conf/icra/RusuBB09,
  author    = {Radu Bogdan Rusu and
               Nico Blodow and
               Michael Beetz},
  title     = {Fast Point Feature Histograms {(FPFH)} for 3D registration},
  booktitle = {2009 {IEEE} International Conference on Robotics and Automation, {ICRA}
               2009, Kobe, Japan, May 12-17, 2009},
  pages     = {3212--3217},
  year      = {2009},
  crossref  = {DBLP:conf/icra/2009},
//  url       = {http://dx.doi.org/10.1109/ROBOT.2009.5152473},
  doi       = {10.1109/ROBOT.2009.5152473},
  timestamp = {Thu, 28 Jan 2010 14:37:00 +0100},
  biburl    = {http://dblp.uni-trier.de/rec/bib/conf/icra/RusuBB09},
  bibsource = {dblp computer science bibliography, http://dblp.org}
}

@inproceedings{DBLP:conf/iros/RusuBMB08,
  author    = {Radu Bogdan Rusu and
               Nico Blodow and
               Zoltan Csaba Marton and
               Michael Beetz},
  title     = {Aligning point cloud views using persistent feature histograms},
  booktitle = {2008 {IEEE/RSJ} International Conference on Intelligent Robots and
               Systems, September 22-26, 2008, Acropolis Convention Center, Nice,
               France},
  pages     = {3384--3391},
  year      = {2008},
  crossref  = {DBLP:conf/iros/2008},
//  url       = {http://dx.doi.org/10.1109/IROS.2008.4650967},
  doi       = {10.1109/IROS.2008.4650967},
  timestamp = {Mon, 11 May 2015 16:37:25 +0200},
  biburl    = {http://dblp.dagstuhl.de/rec/bib/conf/iros/RusuBMB08},
  bibsource = {dblp computer science bibliography, http://dblp.org}
}

@inproceedings{DBLP:conf/iccv/VondrickKMT13,
  author    = {Carl Vondrick and
               Aditya Khosla and
               Tomasz Malisiewicz and
               Antonio Torralba},
  title     = {HOGgles: Visualizing Object Detection Features},
  booktitle = {{IEEE} International Conference on Computer Vision, {ICCV} 2013, Sydney,
               Australia, December 1-8, 2013},
  pages     = {1--8},
  year      = {2013},
  crossref  = {DBLP:conf/iccv/2013},
//  url       = {http://dx.doi.org/10.1109/ICCV.2013.8},
  doi       = {10.1109/ICCV.2013.8},
  timestamp = {Thu, 12 May 2016 10:37:28 +0200},
  biburl    = {http://dblp.dagstuhl.de/rec/bib/conf/iccv/VondrickKMT13},
  bibsource = {dblp computer science bibliography, http://dblp.org}
}


@article{DBLP:journals/cacm/FischlerB81,
  author    = {Martin A. Fischler and
               Robert C. Bolles},
  title     = {Random Sample Consensus: {A} Paradigm for Model Fitting with Applications
               to Image Analysis and Automated Cartography},
  journal   = {Commun. {ACM}},
  volume    = {24},
  number    = {6},
  pages     = {381--395},
  year      = {1981},
//  url       = {http://doi.acm.org/10.1145/358669.358692},
  doi       = {10.1145/358669.358692},
  timestamp = {Tue, 07 Jun 2011 16:51:23 +0200},
  biburl    = {http://dblp.uni-trier.de/rec/bib/journals/cacm/FischlerB81},
  bibsource = {dblp computer science bibliography, http://dblp.org}
}

@inproceedings{DBLP:conf/icra/JiangMS11,
  author    = {Yun Jiang and
               Stephen Moseson and
               Ashutosh Saxena},
  title     = {Efficient grasping from {RGBD} images: Learning using a new rectangle
               representation},
  booktitle = {{IEEE} International Conference on Robotics and Automation, {ICRA}
               2011, Shanghai, China, 9-13 May 2011},
  pages     = {3304--3311},
  year      = {2011},
  crossref  = {DBLP:conf/icra/2011},
//  url       = {http://dx.doi.org/10.1109/ICRA.2011.5980145},
  doi       = {10.1109/ICRA.2011.5980145},
  timestamp = {Wed, 17 Aug 2011 13:03:09 +0200},
  biburl    = {http://dblp.uni-trier.de/rec/bib/conf/icra/JiangMS11},
  bibsource = {dblp computer science bibliography, http://dblp.org}
}



@article{DBLP:journals/ras/MontesanoL12,
  author    = {Luis Montesano and
               Manuel Lopes},
  title     = {Active learning of visual descriptors for grasping using non-parametric
               smoothed beta distributions},
  journal   = {Robotics and Autonomous Systems},
  volume    = {60},
  number    = {3},
  pages     = {452--462},
  year      = {2012},
//  url       = {http://dx.doi.org/10.1016/j.robot.2011.07.013},
  doi       = {10.1016/j.robot.2011.07.013},
  timestamp = {Tue, 07 Feb 2012 12:56:51 +0100},
  biburl    = {http://dblp.uni-trier.de/rec/bib/journals/ras/MontesanoL12},
  bibsource = {dblp computer science bibliography, http://dblp.org}
}



@article{DBLP:journals/ijrr/SaxenaDN08,
  author    = {Ashutosh Saxena and
               Justin Driemeyer and
               Andrew Y. Ng},
  title     = {Robotic Grasping of Novel Objects using Vision},
  journal   = {I. J. Robotics Res.},
  volume    = {27},
  number    = {2},
  pages     = {157--173},
  year      = {2008},
//  url       = {http://dx.doi.org/10.1177/0278364907087172},
  doi       = {10.1177/0278364907087172},
  timestamp = {Wed, 10 Aug 2016 16:37:44 +0200},
  biburl    = {http://dblp.uni-trier.de/rec/bib/journals/ijrr/SaxenaDN08},
  bibsource = {dblp computer science bibliography, http://dblp.org}
}



@article{DBLP:journals/ijrr/LenzLS15,
  author    = {Ian Lenz and
               Honglak Lee and
               Ashutosh Saxena},
  title     = {Deep learning for detecting robotic grasps},
  journal   = {I. J. Robotics Res.},
  volume    = {34},
  number    = {4-5},
  pages     = {705--724},
  year      = {2015},
//  url       = {http://dx.doi.org/10.1177/0278364914549607},
  doi       = {10.1177/0278364914549607},
  timestamp = {Wed, 10 Aug 2016 16:37:36 +0200},
  biburl    = {http://dblp.uni-trier.de/rec/bib/journals/ijrr/LenzLS15},
  bibsource = {dblp computer science bibliography, http://dblp.org}
}

@inproceedings{DBLP:conf/humanoids/MaierHB12,
  author    = {Daniel Maier and
               Armin Hornung and
               Maren Bennewitz},
  title     = {Real-time navigation in 3D environments based on depth camera data},
  booktitle = {12th {IEEE-RAS} International Conference on Humanoid Robots (Humanoids
               2012), Osaka, Japan, November 29 - Dec. 1, 2012},
  pages     = {692--697},
  year      = {2012},
  crossref  = {DBLP:conf/humanoids/2012},
//  url       = {http://dx.doi.org/10.1109/HUMANOIDS.2012.6651595},
  doi       = {10.1109/HUMANOIDS.2012.6651595},
  timestamp = {Mon, 11 Nov 2013 18:29:10 +0100},
  biburl    = {http://dblp.dagstuhl.de/rec/bib/conf/humanoids/MaierHB12},
  bibsource = {dblp computer science bibliography, http://dblp.org}
}

@inproceedings{DBLP:conf/iros/RusuBMB08,
  author    = {Radu Bogdan Rusu and
               Nico Blodow and
               Zoltan Csaba Marton and
               Michael Beetz},
  title     = {Aligning point cloud views using persistent feature histograms},
  booktitle = {2008 {IEEE/RSJ} International Conference on Intelligent Robots and
               Systems, September 22-26, 2008, Acropolis Convention Center, Nice,
               France},
  pages     = {3384--3391},
  year      = {2008},
  crossref  = {DBLP:conf/iros/2008},
//  url       = {http://dx.doi.org/10.1109/IROS.2008.4650967},
  doi       = {10.1109/IROS.2008.4650967},
  timestamp = {Mon, 11 May 2015 16:37:25 +0200},
  biburl    = {http://dblp.dagstuhl.de/rec/bib/conf/iros/RusuBMB08},
  bibsource = {dblp computer science bibliography, http://dblp.org}
}

@article{DBLP:journals/cacm/FischlerB81,
  author    = {Martin A. Fischler and
               Robert C. Bolles},
  title     = {Random Sample Consensus: {A} Paradigm for Model Fitting with Applications
               to Image Analysis and Automated Cartography},
  journal   = {Commun. {ACM}},
  volume    = {24},
  number    = {6},
  pages     = {381--395},
  year      = {1981},
//  url       = {http://doi.acm.org/10.1145/358669.358692},
  doi       = {10.1145/358669.358692},
  timestamp = {Tue, 07 Jun 2011 16:51:23 +0200},
  biburl    = {http://dblp.dagstuhl.de/rec/bib/journals/cacm/FischlerB81},
  bibsource = {dblp computer science bibliography, http://dblp.org}
}

@article{horn1987closed,
  title={Closed-form solution of absolute orientation using unit quaternions},
  author={Horn, Berthold KP},
  journal={JOSA A},
  volume={4},
  number={4},
  pages={629--642},
  year={1987},
  publisher={Optical Society of America}
}

@article{DBLP:journals/pami/BeslM92,
  author    = {Paul J. Besl and
               Neil D. McKay},
  title     = {A Method for Registration of 3-D Shapes},
  journal   = {{IEEE} Trans. Pattern Anal. Mach. Intell.},
  volume    = {14},
  number    = {2},
  pages     = {239--256},
  year      = {1992},
//  url       = {http://dx.doi.org/10.1109/34.121791},
  doi       = {10.1109/34.121791},
  timestamp = {Sat, 12 Mar 2016 09:04:00 +0100},
  biburl    = {http://dblp.dagstuhl.de/rec/bib/journals/pami/BeslM92},
  bibsource = {dblp computer science bibliography, http://dblp.org}
}

@article{chen1992object,
  title={Object modelling by registration of multiple range images},
  author={Chen, Yang and Medioni, G{\'e}rard},
  journal={Image and vision computing},
  volume={10},
  number={3},
  pages={145--155},
  year={1992},
  publisher={Elsevier}
}

@article{DBLP:journals/pami/BergevinSGL96,
  author    = {Robert Bergevin and
               Marc Soucy and
               Herv{\'{e}} Gagnon and
               Denis Laurendeau},
  title     = {Towards a General Multi-View Registration Technique},
  journal   = {{IEEE} Trans. Pattern Anal. Mach. Intell.},
  volume    = {18},
  number    = {5},
  pages     = {540--547},
  year      = {1996},
//  url       = {http://dx.doi.org/10.1109/34.494643},
  doi       = {10.1109/34.494643},
  timestamp = {Sat, 12 Mar 2016 09:04:00 +0100},
  biburl    = {http://dblp.dagstuhl.de/rec/bib/journals/pami/BergevinSGL96},
  bibsource = {dblp computer science bibliography, http://dblp.org}
}

@inproceedings{DBLP:conf/3dim/RusinkiewiczL01,
  author    = {Szymon Rusinkiewicz and
               Marc Levoy},
  title     = {Efficient Variants of the {ICP} Algorithm},
  booktitle = {3rd International Conference on 3D Digital Imaging and Modeling {(3DIM}
               2001), 28 May - 1 June 2001, Quebec City, Canada},
  pages     = {145--152},
  year      = {2001},
  crossref  = {DBLP:conf/3dim/2001},
//  url       = {http://dx.doi.org/10.1109/IM.2001.924423},
  doi       = {10.1109/IM.2001.924423},
  timestamp = {Tue, 18 Aug 2015 20:06:11 +0200},
  biburl    = {http://dblp.dagstuhl.de/rec/bib/conf/3dim/RusinkiewiczL01},
  bibsource = {dblp computer science bibliography, http://dblp.org}
}

@article{park2003accurate,
  title={An accurate and fast point-to-plane registration technique},
  author={Park, Soon-Yong and Subbarao, Murali},
  journal={Pattern Recognition Letters},
  volume={24},
  number={16},
  pages={2967--2976},
  year={2003},
  publisher={Elsevier}
}

@article{DBLP:journals/pami/Zhang00,
  author    = {Zhengyou Zhang},
  title     = {A Flexible New Technique for Camera Calibration},
  journal   = {{IEEE} Trans. Pattern Anal. Mach. Intell.},
  volume    = {22},
  number    = {11},
  pages     = {1330--1334},
  year      = {2000},
//  url       = {http://dx.doi.org/10.1109/34.888718},
  doi       = {10.1109/34.888718},
  timestamp = {Sat, 12 Mar 2016 09:04:21 +0100},
  biburl    = {http://dblp.dagstuhl.de/rec/bib/journals/pami/Zhang00},
  bibsource = {dblp computer science bibliography, http://dblp.org}
}

@inproceedings{DBLP:conf/iccv/HoiemSEH07,
  author    = {Derek Hoiem and
               Andrew N. Stein and
               Alexei A. Efros and
               Martial Hebert},
  title     = {Recovering Occlusion Boundaries from a Single Image},
  booktitle = {{IEEE} 11th International Conference on Computer Vision, {ICCV} 2007,
               Rio de Janeiro, Brazil, October 14-20, 2007},
  pages     = {1--8},
  year      = {2007},
  crossref  = {DBLP:conf/iccv/2007},
//  url       = {http://dx.doi.org/10.1109/ICCV.2007.4408985},
  doi       = {10.1109/ICCV.2007.4408985},
  timestamp = {Thu, 12 May 2016 10:37:24 +0200},
  biburl    = {http://dblp.dagstuhl.de/rec/bib/conf/iccv/HoiemSEH07},
  bibsource = {dblp computer science bibliography, http://dblp.org}
}

@inproceedings{DBLP:conf/cvpr/JiaGCC12,
  author    = {Zhaoyin Jia and
               Andrew C. Gallagher and
               Yao{-}Jen Chang and
               Tsuhan Chen},
  title     = {A learning-based framework for depth ordering},
  booktitle = {2012 {IEEE} Conference on Computer Vision and Pattern Recognition,
               Providence, RI, USA, June 16-21, 2012},
  pages     = {294--301},
  year      = {2012},
  crossref  = {DBLP:conf/cvpr/2012},
//  url       = {http://dx.doi.org/10.1109/CVPR.2012.6247688},
  doi       = {10.1109/CVPR.2012.6247688},
  timestamp = {Tue, 25 Nov 2014 17:05:17 +0100},
  biburl    = {http://dblp.dagstuhl.de/rec/bib/conf/cvpr/JiaGCC12},
  bibsource = {dblp computer science bibliography, http://dblp.org}
}


@article{DBLP:journals/ivc/JohnsonK99,
  author    = {Andrew Edie Johnson and
               Sing Bing Kang},
  title     = {Registration and integration of textured 3D data},
  journal   = {Image Vision Comput.},
  volume    = {17},
  number    = {2},
  pages     = {135--147},
  year      = {1999},
//  url       = {http://dx.doi.org/10.1016/S0262-8856(98)00117-6},
  doi       = {10.1016/S0262-8856(98)00117-6},
  timestamp = {Mon, 15 Mar 2004 13:44:26 +0100},
  biburl    = {http://dblp.dagstuhl.de/rec/bib/journals/ivc/JohnsonK99},
  bibsource = {dblp computer science bibliography, http://dblp.org}
}

@inproceedings{DBLP:conf/3dim/GelfandRIL03,
  author    = {Natasha Gelfand and
               Szymon Rusinkiewicz and
               Leslie Ikemoto and
               Marc Levoy},
  title     = {Geometrically Stable Sampling for the {ICP} Algorithm},
  booktitle = {4th International Conference on 3D Digital Imaging and Modeling {(3DIM}
               2003), 6-10 October 2003, Banff, Canada},
  pages     = {260--267},
  year      = {2003},
  crossref  = {DBLP:conf/3dim/2003},
//  url       = {http://dx.doi.org/10.1109/IM.2003.1240258},
  doi       = {10.1109/IM.2003.1240258},
  timestamp = {Thu, 23 Jun 2016 15:53:28 +0200},
  biburl    = {http://dblp.dagstuhl.de/rec/bib/conf/3dim/GelfandRIL03},
  bibsource = {dblp computer science bibliography, http://dblp.org}
}

@book{DBLP:books/daglib/0021695,
  author    = {Gary R. Bradski and
               Adrian Kaehler},
  title     = {Learning OpenCV - computer vision with the OpenCV library: software
               that sees},
  publisher = {O'Reilly},
  year      = {2008},
//  url       = {http://www.oreilly.de/catalog/9780596516130/index.html},
  isbn      = {978-0-596-51613-0},
  timestamp = {Wed, 16 Mar 2011 21:36:11 +0100},
  biburl    = {http://dblp.dagstuhl.de/rec/bib/books/daglib/0021695},
  bibsource = {dblp computer science bibliography, http://dblp.org}
}

@inproceedings{DBLP:conf/icra/RusuC11,
  author    = {Radu Bogdan Rusu and
               Steve Cousins},
  title     = {3D is here: Point Cloud Library {(PCL)}},
  booktitle = {{IEEE} International Conference on Robotics and Automation, {ICRA}
               2011, Shanghai, China, 9-13 May 2011},
  year      = {2011},
  crossref  = {DBLP:conf/icra/2011},
//  url       = {http://dx.doi.org/10.1109/ICRA.2011.5980567},
  doi       = {10.1109/ICRA.2011.5980567},
  timestamp = {Wed, 17 Aug 2011 13:03:05 +0200},
  biburl    = {http://dblp.dagstuhl.de/rec/bib/conf/icra/RusuC11},
  bibsource = {dblp computer science bibliography, http://dblp.org}
}

@inproceedings{DBLP:conf/icip/DraelosQBS15,
  author    = {Mark Draelos and
               Qiang Qiu and
               Alexander M. Bronstein and
               Guillermo Sapiro},
  title     = {Intel realsense = Real low cost gaze},
  booktitle = {2015 {IEEE} International Conference on Image Processing, {ICIP} 2015,
               Quebec City, QC, Canada, September 27-30, 2015},
  pages     = {2520--2524},
  year      = {2015},
  crossref  = {DBLP:conf/icip/2015},
//  url       = {http://dx.doi.org/10.1109/ICIP.2015.7351256},
  doi       = {10.1109/ICIP.2015.7351256},
  timestamp = {Thu, 17 Dec 2015 15:45:47 +0100},
  biburl    = {http://dblp.dagstuhl.de/rec/bib/conf/icip/DraelosQBS15},
  bibsource = {dblp computer science bibliography, http://dblp.org}
}

@article{DBLP:journals/ijis/ChenL17,
  author    = {Toly Chen and
               Yu{-}Cheng Lin},
  title     = {Feasibility Evaluation and Optimization of a Smart Manufacturing System
               Based on 3D Printing: {A} Review},
  journal   = {Int. J. Intell. Syst.},
  volume    = {32},
  number    = {4},
  pages     = {394--413},
  year      = {2017},
//  url       = {http://dx.doi.org/10.1002/int.21866},
  doi       = {10.1002/int.21866},
  timestamp = {Tue, 31 Jan 2017 15:09:10 +0100},
  biburl    = {http://dblp.dagstuhl.de/rec/bib/journals/ijis/ChenL17},
  bibsource = {dblp computer science bibliography, http://dblp.org}
}

@article{DBLP:journals/ijra/RagabW09,
  author    = {Mohammad Ehab Ragab and
               Kin{-}hong Wong},
  title     = {Rotation within Camera Projection Matrix Using Euler Angles, Quaternions,
               and Angle-Axes},
  journal   = {I. J. Robotics and Automation},
  volume    = {24},
  number    = {4},
  year      = {2009},
//  url       = {http://dx.doi.org/10.2316/Journal.206.2009.4.206-3174},
  doi       = {10.2316/Journal.206.2009.4.206-3174},
  timestamp = {Thu, 27 May 2010 14:15:32 +0200},
  biburl    = {http://dblp.dagstuhl.de/rec/bib/journals/ijra/RagabW09},
  bibsource = {dblp computer science bibliography, http://dblp.org}
}

@inproceedings{DBLP:conf/icip/PeiD07,
  author    = {Soo{-}Chang Pei and
               Jian{-}Jiun Ding},
  title     = {Improved Harris' Algorithm for Corner and Edge Detections},
  booktitle = {Proceedings of the International Conference on Image Processing, {ICIP}
               2007, September 16-19, 2007, San Antonio, Texas, {USA}},
  pages     = {57--60},
  year      = {2007},
  crossref  = {DBLP:conf/icip/2007},
//  url       = {http://dx.doi.org/10.1109/ICIP.2007.4379245},
  doi       = {10.1109/ICIP.2007.4379245},
  timestamp = {Thu, 12 May 2016 11:46:28 +0200},
  biburl    = {http://dblp.dagstuhl.de/rec/bib/conf/icip/PeiD07},
  bibsource = {dblp computer science bibliography, http://dblp.org}
}

@article{marr1979computational,
  title={A computational theory of human stereo vision},
  author={Marr, David and Poggio, Tomaso},
  journal={Proceedings of the Royal Society of London B: Biological Sciences},
  volume={204},
  number={1156},
  pages={301--328},
  year={1979},
  publisher={The Royal Society}
}

@article{marr1976understanding,
  title={From understanding computation to understanding neural circuitry},
  author={Marr, David and Poggio, Tomaso},
  journal= {Neurosciences Research Program Bulletin},
  volume={15},
  pages={470-488}	
  year={1976}
}


@online{DobotMagician,
  title     =   {Dobot Magician, SHAKE HANDS WITH FUTURE},
  publisher =   {Shenzhen Yuejiang Technology Co. Ltd},
  url       =   {http://www.dobot.cc/dobot-magician/product-overview.html},
  citedate  =   {2017-05-10},
  langauge  =   {en}
}


@online{IntelRealsenseF200,
  title     =   {Innovate with Intel RealSense SDK},
  publisher =   {Intel Corporation},
  url       =   {https://software.intel.com/en-us/intel-realsense-sdk},
  citedate  =   {2017-05-10},
  langauge  =   {en}
}

@online{Intel-Core-i3,
  title     =   {CPU Benchmarks on Intel Core i3-2130@3.40GHz},
  publisher =   {PassMark Software},
  url       =   {http://www.cpubenchmark.net/cpu.php?cpu=Intel+Core+i3-2130+%40+3.40GHz},
  citedate  =   {2017-05-10},
  langauge  =   {en}
}

@online{Marr-Prize,
  title     =   {ICCV Best Paper Award (Marr Prize)},
  publisher =   {IEEE computer society},
  url       =   {https://www.computer.org/web/tcpami/iccv-best-paper-award},
  citedate  =   {2017-05-10},
  langauge  =   {en}
}





















